@book{DeBerg,
   title =     {Computational geometry: algorithms and applications},
   author =    {Mark de Berg and M. van Krefeld and M. Overmars and O. Cheong},
   publisher = {Springer},
   isbn =      {9783540779735},
   year =      {2008},
   series =    {},
   edition =   {3rd}
}

@article{guibas1985,
    author  = "Leonidas Guibas and Jorge Stolfi",
    title   = "Primitives for the Manipulation of General Subdivisions and the Computation of Voronoi Diagrams",
    year    = "1985",
    journal = "ACM Transactions on Graphics",
    volume  = "4",
    number  = "2",
    pages   = "74--123"
}
